@online{whatislinux,
	author = {Sven Vermeulen},
	title = {{Linux Sea: What is Linux?}},
	url = {http://swift.siphos.be/linux_sea/},
	urldate = {2016-12-12},
	year = {2009â€“2015},
}

@online{linuxmarketshare,
	author = {W3Counter},
	title = {{Browser \& Platform Market Share}},
	url = {https://www.w3counter.com/globalstats.php?year=2016&month=11},
	urldate = {2016-12-12},
	year = {2004-2016},
}

@online{fedora,
	author = {Fedora~Project},
	title = {{Get Fedora}},
	url = {https://getfedora.org},
	urldate = {2016-12-12},
	year = {2017},
}

@online{laptopdvd,
	author = {Whitson Gordon},
	title = {{How to Survive Without a DVD Drive In Your Laptop}},
	url = {https://lifehacker.com/5922047/how-to-survive-without-a-dvd-drive-in-your-laptop},
	urldate = {2016-12-12},
	date = {2012-06-28},
}

@online{sosurvey,
    author = {Stack~Overflow},
    title = {{Stack Overflow Developer Survey 2017 - Platforms}},
    url = {https://stackoverflow.com/insights/survey/2017#technology-platforms},
    urldate = {2017-04-30},
    year = {2017}
}

@online{fedora-ambassadors,
    author = {Fedora~Project},
    title = {{Ambassadors}},
    url = {https://fedoraproject.org/wiki/Ambassadors},
    urldate = {2017-04-30},
    year = {2017}
}

@online{flashbay-data-preloading,
    author = {Flashbay},
    title = {{USB Flash Drive Data Preloading}},
    url = {http://www.flashbay.com/services/data-preloading},
    urldate = {2017-05-01},
    year = {2017}
}

@online{product-ezdupe,
    author = {Amazon},
    title = {{EZ Dupe 2 Copy Portable USB Duplicator and Tester EZ2USB}},
    url = {https://www.amazon.com/EZ-Portable-Duplicator-Tester-EZ2USB/dp/B003N4D7BE},
    urldate = {2017-05-01},
    year = {2017}
}
@online{product-altarec-118,
    author = {Altarec},
    title = {{1:118 USB Copy Tower SA Duplicator - Stand-Alone 1:118 USB Flash Drive Duplicator}},
    url = {http://www.aleratec.com/330118.html},
    urldate = {2017-05-01},
    year = {2017}
}
@online{product-altarec-10,
    author = {Altarec},
    title = {{1:10 USB 3.0 Copy Cruiser Mini Duplicator for Windows and Mac}},
    url = {http://www.aleratec.com/1-to-10-usb-3-0-thumb-flash-drive-duplicator-copy-cruiser-mini-330113.html},
    urldate = {2017-05-01},
    year = {2017}
}
@online{product-teac-15,
    author = {Newegg},
    title = {{TEAC 1 to 15 USB Drive Duplicator Model USBDUPLICATOR/15}},
    url = {http://www.newegg.com/Product/Product.aspx?item=N82E16827139069},
    urldate = {2017-05-01},
    year = {2017}
}
@online{product-vinpower-11,
    author = {Newegg},
    title = {{VINPOWER Black 1 to 11 USBShark USB Flash Copy Tower Duplicator Model USBShark-11T-BK}},
    url = {http://www.newegg.com/Product/Product.aspx?Item=N82E16827196197},
    urldate = {2017-05-01},
    year = {2017}
}
@online{product-intelligent-9,
    author = {Newegg},
    title = {{Intelligent 9 Series (UB910G) - GOLD Factory series 1 - 9 Target USB Flash Memory/Pen Drive/External USB Hard Drive Duplicator}},
    url = {http://www.newegg.com/Product/Product.aspx?Item=9SIA25H20W5993},
    urldate = {2017-05-01},
    year = {2017}
}

@online{_,
    author = {},
    title = {{}},
    url = {},
    urldate = {},
    year = {}
}
